@misc{quarto,
  title = {Quarto},
  author = {Allaire, J.J. and Teague, Charles and Scheidegger, Carlos and Xie, Yihui and Dervieux, Christophe},
  year = {2022},
  month = jan,
  doi = {10.5281/zenodo.5960048}
}

